<?xml version="1.0" encoding="UTF-8"?><collection xmlns="http://www.loc.gov/MARC21/slim"><record><leader>00459nam--2200157-i-4500</leader><controlfield tag="001">000003374</controlfield><controlfield tag="002">20161230</controlfield><controlfield tag="005">20170305225349</controlfield><controlfield tag="008">060222s1000------------r-----000-0-eng-d</controlfield><datafield ind1=" " ind2=" " tag="100"><subfield code="a">Campbell, George A</subfield></datafield><datafield ind1=" " ind2=" " tag="245"><subfield code="a">Fourier integrals for practical applications. Second printing</subfield></datafield><datafield ind1=" " ind2=" " tag="260"><subfield code="a">Toronto, New York</subfield><subfield code="b">D.Van Nostrand Co., Inc</subfield><subfield code="c">1948</subfield></datafield><datafield ind1=" " ind2=" " tag="300"><subfield code="a">III + 3-177 p</subfield></datafield><datafield ind1=" " ind2=" " tag="700"><subfield code="a">Foster, Ronald M</subfield></datafield><datafield ind1=" " ind2=" " tag="852"><subfield code="a">731</subfield><subfield code="c">517.512.2</subfield></datafield><datafield ind1=" " ind2=" " tag="CAT"><subfield code="a">SYS</subfield><subfield code="c">20170305</subfield><subfield code="h">225349</subfield></datafield></record></collection>